@Misc{Schueller2023,
  author  = {Thomas Sch√ºller},
  month   = mar,
  title   = {{deIEEEtran}},
  urldate = {2023-03-09},
  year    = {2023},
  url     = {https://github.com/blackapple113/deIEEEtran},
}
